#FLAGGA 0
#FORMAT PC8
#SIETYP 4
#PROGRAM "Push & Pop Data AB" 0.6
#GEN 20141014

#VER "F" "" 20140901 "2252"
{
#TRANS 3213 {} -3302.83
#TRANS 2630 {} -198.17
#TRANS 1910 {} 512.0
#TRANS 1581 {} 2989.0
}

#VER "F" "" 20140901 "2253"
{
#TRANS 3213 {} -1391.51
#TRANS 2630 {} -83.49
#TRANS 1910 {} 150.0
#TRANS 1581 {} 1325.0
}

#VER "F" "" 20140902 "2254"
{
#TRANS 3213 {} -2654.72
#TRANS 2630 {} -159.28
#TRANS 1910 {} 237.0
#TRANS 1581 {} 2577.0
}

#VER "F" "" 20140903 "2255"
{
#TRANS 3213 {} -1568.87
#TRANS 2630 {} -94.13
#TRANS 1581 {} 1663.0
}

#VER "F" "" 20140904 "2256"
{
#TRANS 3213 {} -2858.49
#TRANS 2630 {} -171.51
#TRANS 1910 {} 206.0
#TRANS 1581 {} 2824.0
}

#VER "F" "" 20140905 "2257"
{
#TRANS 3213 {} -2811.32
#TRANS 2630 {} -168.68
#TRANS 1910 {} 923.0
#TRANS 1581 {} 2057.0
}

#VER "F" "" 20140905 "2258"
{
#TRANS 3213 {} -4642.45
#TRANS 2630 {} -278.55
#TRANS 1910 {} 197.0
#TRANS 1581 {} 4724.0
}

#VER "F" "" 20140906 "2259"
{
#TRANS 3213 {} -3838.68
#TRANS 2630 {} -230.32
#TRANS 1910 {} 891.0
#TRANS 1581 {} 3178.0
}

#VER "F" "" 20140906 "2260"
{
#TRANS 3213 {} -4445.28
#TRANS 2630 {} -266.72
#TRANS 1910 {} 427.0
#TRANS 1581 {} 4285.0
}

#VER "F" "" 20140907 "2261"
{
#TRANS 3213 {} -3407.55
#TRANS 2630 {} -204.45
#TRANS 1581 {} 3612.0
}

#VER "F" "" 20140907 "2262"
{
#TRANS 3213 {} -3211.32
#TRANS 2630 {} -192.68
#TRANS 1910 {} 250.0
#TRANS 1581 {} 3154.0
}

#VER "F" "" 20140908 "2263"
{
#TRANS 3213 {} -3113.21
#TRANS 2630 {} -186.79
#TRANS 1581 {} 3300.0
}

#VER "F" "" 20140909 "2264"
{
#TRANS 3213 {} -2522.64
#TRANS 2630 {} -151.36
#TRANS 1910 {} 233.0
#TRANS 1581 {} 2441.0
}

#VER "F" "" 20140909 "2265"
{
#TRANS 3213 {} -1926.42
#TRANS 2630 {} -115.58
#TRANS 1910 {} 276.0
#TRANS 1581 {} 1766.0
}

#VER "F" "" 20140910 "2266"
{
#TRANS 3213 {} -2879.25
#TRANS 2630 {} -172.75
#TRANS 1581 {} 3052.0
}

#VER "F" "" 20140910 "2267"
{
#TRANS 3213 {} -853.77
#TRANS 2630 {} -51.23
#TRANS 1910 {} -22.0
#TRANS 1581 {} 927.0
}

#VER "F" "" 20140911 "2268"
{
#TRANS 3213 {} -3374.53
#TRANS 2630 {} -202.47
#TRANS 1910 {} 349.0
#TRANS 1581 {} 3228.0
}

#VER "F" "" 20140911 "2269"
{
#TRANS 3213 {} -1610.38
#TRANS 2630 {} -96.62
#TRANS 1910 {} 138.0
#TRANS 1581 {} 1569.0
}

#VER "F" "" 20140912 "2270"
{
#TRANS 3213 {} -2422.64
#TRANS 2630 {} -145.36
#TRANS 1910 {} -20.0
#TRANS 1581 {} 2588.0
}

#VER "F" "" 20140912 "2271"
{
#TRANS 3213 {} -1268.87
#TRANS 2630 {} -76.13
#TRANS 1910 {} 373.0
#TRANS 1581 {} 972.0
}

#VER "F" "" 20140913 "2272"
{
#TRANS 3213 {} -2213.21
#TRANS 2630 {} -132.79
#TRANS 1581 {} 2346.0
}

#VER "F" "" 20140913 "2273"
{
#TRANS 3213 {} -4535.85
#TRANS 2630 {} -272.15
#TRANS 1910 {} 625.0
#TRANS 1581 {} 4183.0
}

#VER "F" "" 20140914 "2274"
{
#TRANS 3213 {} -2093.4
#TRANS 2630 {} -125.6
#TRANS 1910 {} 143.0
#TRANS 1581 {} 2076.0
}

#VER "F" "" 20140914 "2275"
{
#TRANS 3213 {} -4355.66
#TRANS 2630 {} -261.34
#TRANS 3211 {} -288.8
#TRANS 2610 {} -72.2
#TRANS 1910 {} 418.0
#TRANS 1581 {} 4560.0
}

#VER "F" "" 20140915 "2276"
{
#TRANS 3213 {} -3144.34
#TRANS 2630 {} -188.66
#TRANS 1910 {} 320.0
#TRANS 1581 {} 3013.0
}

#VER "F" "" 20140901 "1835"
{
#TRANS 3213 {} -3539.62
#TRANS 2630 {} -212.38
#TRANS 1910 {} -19.0
#TRANS 1581 {} 3771.0
}

#VER "F" "" 20140902 "1836"
{
#TRANS 3213 {} -2325.47
#TRANS 2630 {} -139.53
#TRANS 1581 {} 2465.0
}

#VER "F" "" 20140902 "1837"
{
#TRANS 3213 {} -3416.04
#TRANS 2630 {} -204.96
#TRANS 1910 {} 216.0
#TRANS 1581 {} 3405.0
}

#VER "F" "" 20140903 "1838"
{
#TRANS 3213 {} -2699.06
#TRANS 2630 {} -161.94
#TRANS 1910 {} 248.0
#TRANS 1581 {} 2613.0
}

#VER "F" "" 20140903 "1839"
{
#TRANS 3213 {} -4704.72
#TRANS 2630 {} -282.28
#TRANS 1910 {} 852.0
#TRANS 1581 {} 4135.0
}

#VER "F" "" 20140904 "1840"
{
#TRANS 3213 {} -4050.94
#TRANS 2630 {} -243.06
#TRANS 1910 {} 653.0
#TRANS 1581 {} 3641.0
}

#VER "F" "" 20140904 "1841"
{
#TRANS 3213 {} -4152.83
#TRANS 2630 {} -249.17
#TRANS 1910 {} 912.0
#TRANS 1581 {} 3490.0
}

#VER "F" "" 20140905 "1842"
{
#TRANS 3213 {} -4996.23
#TRANS 2630 {} -299.77
#TRANS 1910 {} 780.0
#TRANS 1581 {} 4516.0
}

#VER "F" "" 20140905 "1843"
{
#TRANS 3213 {} -1324.53
#TRANS 2630 {} -79.47
#TRANS 1910 {} -11.0
#TRANS 1581 {} 1415.0
}

#VER "F" "" 20140905 "1844"
{
#TRANS 3213 {} -3799.06
#TRANS 2630 {} -227.94
#TRANS 1910 {} 244.0
#TRANS 1581 {} 3783.0
}

#VER "F" "" 20140906 "1845"
{
#TRANS 3213 {} -1712.26
#TRANS 2630 {} -102.74
#TRANS 1910 {} 268.0
#TRANS 1581 {} 1547.0
}

#VER "F" "" 20140906 "1846"
{
#TRANS 3213 {} -6578.3
#TRANS 2630 {} -394.7
#TRANS 1910 {} 2059.0
#TRANS 1581 {} 4914.0
}

#VER "F" "" 20140909 "1847"
{
#TRANS 3213 {} -2822.64
#TRANS 2630 {} -169.36
#TRANS 1910 {} 773.0
#TRANS 1581 {} 2219.0
}

#VER "F" "" 20140909 "1848"
{
#TRANS 3213 {} -2516.04
#TRANS 2630 {} -150.96
#TRANS 1910 {} 249.0
#TRANS 1581 {} 2418.0
}

#VER "F" "" 20140910 "1849"
{
#TRANS 3213 {} -3297.17
#TRANS 2630 {} -197.83
#TRANS 1910 {} 48.0
#TRANS 1581 {} 3447.0
}

#VER "F" "" 20140911 "1850"
{
#TRANS 3213 {} -3705.66
#TRANS 2630 {} -222.34
#TRANS 1910 {} 549.0
#TRANS 1581 {} 3379.0
}

#VER "F" "" 20140911 "1851"
{
#TRANS 3213 {} -3654.72
#TRANS 2630 {} -219.28
#TRANS 1910 {} 25.0
#TRANS 1581 {} 3849.0
}

#VER "F" "" 20140912 "1852"
{
#TRANS 3213 {} -3985.85
#TRANS 2630 {} -239.15
#TRANS 1910 {} 373.0
#TRANS 1581 {} 3852.0
}

#VER "F" "" 20140912 "1853"
{
#TRANS 3213 {} -700.0
#TRANS 2630 {} -42.0
#TRANS 1581 {} 742.0
}

#VER "F" "" 20140912 "1854"
{
#TRANS 3213 {} -3200.0
#TRANS 2630 {} -192.0
#TRANS 1910 {} 688.0
#TRANS 1581 {} 2704.0
}

#VER "F" "" 20140913 "1855"
{
#TRANS 3213 {} -2246.23
#TRANS 2630 {} -134.77
#TRANS 1910 {} 460.0
#TRANS 1581 {} 1921.0
}

#VER "F" "" 20140913 "1856"
{
#TRANS 3213 {} -3911.32
#TRANS 2630 {} -234.68
#TRANS 1910 {} 1120.0
#TRANS 1581 {} 3026.0
}

#VER "F" "" 20140914 "1857"
{
#TRANS 3213 {} -5083.02
#TRANS 2630 {} -304.98
#TRANS 1910 {} 855.0
#TRANS 1581 {} 4533.0
}

#VER "F" "" 20140915 "1858"
{
#TRANS 3213 {} -2092.45
#TRANS 2630 {} -125.55
#TRANS 1910 {} -50.0
#TRANS 1581 {} 2268.0
}

#VER "F" "" 20140915 "1859"
{
#TRANS 3213 {} -1743.4
#TRANS 2630 {} -104.6
#TRANS 1581 {} 1848.0
}

#VER "F" "" 20140901 "773"
{
#TRANS 3213 {} -3278.3
#TRANS 2630 {} -196.7
#TRANS 1910 {} -30.0
#TRANS 1581 {} 3505.0
}

#VER "F" "" 20140902 "774"
{
#TRANS 3213 {} -3150.0
#TRANS 2630 {} -189.0
#TRANS 1581 {} 3339.0
}

#VER "F" "" 20140902 "775"
{
#TRANS 3213 {} -1781.13
#TRANS 2630 {} -106.87
#TRANS 1910 {} -53.0
#TRANS 1581 {} 1941.0
}

#VER "F" "" 20140903 "776"
{
#TRANS 1910 {} 0.0
}

#VER "F" "" 20140903 "777"
{
#TRANS 1910 {} 0.0
}

#VER "F" "" 20140903 "778"
{
#TRANS 3213 {} -1873.58
#TRANS 2630 {} -112.42
#TRANS 1581 {} 1986.0
}

#VER "F" "" 20140904 "779"
{
#TRANS 3213 {} -1695.28
#TRANS 2630 {} -101.72
#TRANS 1910 {} -13.0
#TRANS 1581 {} 1810.0
}

#VER "F" "" 20140904 "780"
{
#TRANS 3213 {} -3718.87
#TRANS 2630 {} -223.13
#TRANS 1910 {} -153.0
#TRANS 1581 {} 4095.0
}

#VER "F" "" 20140905 "781"
{
#TRANS 3213 {} -1131.13
#TRANS 2630 {} -67.87
#TRANS 1910 {} -10.0
#TRANS 1581 {} 1209.0
}

#VER "F" "" 20140905 "782"
{
#TRANS 3213 {} -5263.21
#TRANS 2630 {} -315.79
#TRANS 1910 {} 717.0
#TRANS 1581 {} 5352.0
}

#VER "F" "" 20140906 "783"
{
#TRANS 3213 {} -7704.72
#TRANS 2630 {} -462.28
#TRANS 1910 {} 1499.0
#TRANS 1581 {} 6668.0
}

#VER "F" "" 20140909 "784"
{
#TRANS 3213 {} -3248.11
#TRANS 2630 {} -194.89
#TRANS 1910 {} 179.0
#TRANS 1581 {} 3264.0
}

#VER "F" "" 20140909 "785"
{
#TRANS 3213 {} -4071.7
#TRANS 2630 {} -244.3
#TRANS 1910 {} -6.0
#TRANS 1581 {} 4322.0
}

#VER "F" "" 20140910 "786"
{
#TRANS 3213 {} -2910.38
#TRANS 2630 {} -174.62
#TRANS 1910 {} 63.0
#TRANS 1581 {} 3022.0
}

#VER "F" "" 20140910 "787"
{
#TRANS 3213 {} -3650.0
#TRANS 2630 {} -219.0
#TRANS 1910 {} 376.0
#TRANS 1581 {} 3493.0
}

#VER "F" "" 20140911 "788"
{
#TRANS 3213 {} -3279.25
#TRANS 2630 {} -196.75
#TRANS 1910 {} 545.0
#TRANS 1581 {} 2931.0
}

#VER "F" "" 20140911 "789"
{
#TRANS 3213 {} -3719.81
#TRANS 2630 {} -223.19
#TRANS 1910 {} -40.0
#TRANS 1581 {} 3983.0
}

#VER "F" "" 20140912 "790"
{
#TRANS 3213 {} -4069.81
#TRANS 2630 {} -244.19
#TRANS 1910 {} 615.0
#TRANS 1581 {} 3699.0
}

#VER "F" "" 20140912 "791"
{
#TRANS 3213 {} -3389.62
#TRANS 2630 {} -203.38
#TRANS 1910 {} 364.0
#TRANS 1581 {} 3229.0
}

#VER "F" "" 20140913 "792"
{
#TRANS 3213 {} -6765.09
#TRANS 2630 {} -405.91
#TRANS 1910 {} 912.0
#TRANS 1581 {} 6259.0
}

#VER "F" "" 20140914 "793"
{
#TRANS 3213 {} -3180.19
#TRANS 2630 {} -190.81
#TRANS 1910 {} 1145.0
#TRANS 1581 {} 2226.0
}

#VER "F" "" 20140915 "794"
{
#TRANS 3213 {} -4357.55
#TRANS 2630 {} -261.45
#TRANS 1910 {} -46.0
#TRANS 1581 {} 4665.0
}
